%% This BibTeX bibliography file was created using BibDesk.
%% http://bibdesk.sourceforge.net/

%% Created for Yiming Xu at 2019-01-17 23:59:48 -0700 


%% Saved with string encoding Unicode (UTF-8) 


@incollection{vershynin2015estimation,
  title={Estimation in high dimensions: a geometric perspective},
  author={Vershynin, Roman},
  booktitle={Sampling theory, a renaissance},
  pages={3--66},
  year={2015},
  publisher={Springer}
}

@article{donoho2006compressed,
  title={Compressed sensing},
  author={Donoho, David L and others},
  journal={IEEE Transactions on information theory},
  volume={52},
  number={4},
  pages={1289--1306},
  year={2006},
  publisher={Citeseer}
}


@article{candes2004near,
  title={Near optimal signal recovery from random projections: Universal encoding strategies?},
  author={Candes, Emmanuel and Tao, Terence},
  journal={arXiv preprint math/0410542},
  year={2004}
}

@article{cohen2009compressed,
  title={Compressed sensing and best $k$-term approximation},
  author={Cohen, Albert and Dahmen, Wolfgang and DeVore, Ronald},
  journal={Journal of the American mathematical society},
  volume={22},
  number={1},
  pages={211--231},
  year={2009}
}


@article{rudelson2008sparse,
  title={On sparse reconstruction from Fourier and Gaussian measurements},
  author={Rudelson, Mark and Vershynin, Roman},
  journal={Communications on Pure and Applied Mathematics: A Journal Issued by the Courant Institute of Mathematical Sciences},
  volume={61},
  number={8},
  pages={1025--1045},
  year={2008},
  publisher={Wiley Online Library}
}


@article{yin2015minimization,
  title={Minimization of 1-2 for compressed sensing},
  author={Yin, Penghang and Lou, Yifei and He, Qi and Xin, Jack},
  journal={SIAM Journal on Scientific Computing},
  volume={37},
  number={1},
  pages={A536--A563},
  year={2015},
  publisher={SIAM}
}

@article{foucart2009sparsest,
  title={Sparsest solutions of underdetermined linear systems via $\ell^q$-minimization for $0<q<1$},
  author={Foucart, Simon and Lai, Ming-Jun},
  journal={Applied and Computational Harmonic Analysis},
  volume={26},
  number={3},
  pages={395--407},
  year={2009},
  publisher={Elsevier}
}

@article{tran2017unified,
  title={Unified sufficient conditions for uniform recovery of sparse signals via nonconvex minimizations},
  author={Tran, Hoang and Webster, Clayton},
  journal={arXiv preprint arXiv:1710.07348},
  year={2017}
}

@article{petrosyan2019reconstruction,
  title={Reconstruction of jointly sparse vectors via manifold optimization},
  author={Petrosyan, Armenak and Tran, Hoang and Webster, Clayton},
  journal={Applied Numerical Mathematics},
  volume={144},
  pages={140--150},
  year={2019},
  publisher={Elsevier}
}


@article{yin2014ratio,
  title={Ratio and difference of $\ell_1$ and $\ell_2$ norms and sparse representation with coherent dictionaries},
  author={Yin, Penghang and Esser, Ernie and Xin, Jack},
  journal={Commun. Inform. Systems},
  volume={14},
  number={2},
  pages={87--109},
  year={2014}
}


@article{foucart2010gelfand,
  title={The Gelfand widths of $\ell^p$-balls for $0<p\leq 1$},
  author={Foucart, Simon and Pajor, Alain and Rauhut, Holger and Ullrich, Tino},
  journal={Journal of Complexity},
  volume={26},
  number={6},
  pages={629--640},
  year={2010},
  publisher={Elsevier}
}


@article{gluskin1984norms,
  title={Norms of random matrices and widths of finite-dimensional sets},
  author={Gluskin, Efim Davydovich},
  journal={Mathematics of the USSR-Sbornik},
  volume={48},
  number={1},
  pages={173},
  year={1984},
  publisher={IOP Publishing}
}

@article{kasin1977widths,
  title={The widths of certain finite-dimensional sets and classes of smooth functions},
  author={Kasin, BS},
  journal={Izv. Akad. Nauk SSSR Ser. Mat},
  volume={41},
  number={2},
  pages={334--351},
  year={1977}
}

@book{vershynin2018high,
  title={High-dimensional probability: An introduction with applications in data science},
  author={Vershynin, Roman},
  volume={47},
  year={2018},
  publisher={Cambridge University Press}
}



@article{zhang2013theory,
  title={Theory of compressive sensing via $\ell_1$-minimization: a Non-RIP analysis and extensions},
  author={Zhang, Yin},
  journal={Journal of the Operations Research Society of China},
  volume={1},
  number={1},
  pages={79--105},
  year={2013},
  publisher={Springer}
}

@incollection{gluskin2003note,
  title={Note on the geometric-arithmetic mean inequality},
  author={Gluskin, E and Milman, V},
  booktitle={Geometric aspects of Functional analysis},
  pages={131--135},
  year={2003},
  publisher={Springer}
}


@article{rahimi2018scale,
  title={A scale invariant approach for sparse signal recovery},
  author={Rahimi, Yaghoub and Wang, Chao and Dong, Hongbo and Lou, Yifei},
  journal={arXiv preprint arXiv:1812.08852},
  year={2018}
}

@article{wang2019accelerated,
  title={Accelerated Schemes for the $L_1/L_2 $ Minimization},
  author={Wang, Chao and Yan, Ming and Lou, Yifei},
  journal={arXiv preprint arXiv:1905.08946},
  year={2019}
}


@article{rudelson2009smallest,
  title={Smallest singular value of a random rectangular matrix},
  author={Rudelson, Mark and Vershynin, Roman},
  journal={Communications on Pure and Applied Mathematics: A Journal Issued by the Courant Institute of Mathematical Sciences},
  volume={62},
  number={12},
  pages={1707--1739},
  year={2009},
  publisher={Wiley Online Library}
}

@article{donoho2003optimally,
  title={Optimally sparse representation in general (nonorthogonal) dictionaries via $\ell_1$ minimization},
  author={Donoho, David L and Elad, Michael},
  journal={Proceedings of the National Academy of Sciences},
  volume={100},
  number={5},
  pages={2197--2202},
  year={2003},
  publisher={National Acad Sciences}
}

@article{emmanuel2004robust,
  title={Robust uncertainty principles: Exact signal reconstruction from highly incomplete frequency information},
  author={Emmanuel, Candes and Romberg, Justin and Tao, Terence},
  year={2004},
  publisher={Citeseer}
}

@article{donoho2001uncertainty,
  title={Uncertainty principles and ideal atomic decomposition},
  author={Donoho, David L and Huo, Xiaoming}
}

@inproceedings{hoyer2002non,
  title={Non-negative sparse coding},
  author={Hoyer, Patrik O},
  booktitle={Proceedings of the 12th IEEE Workshop on Neural Networks for Signal Processing},
  pages={557--565},
  year={2002},
  organization={IEEE}
}

@article{hurley2009comparing,
  title={Comparing measures of sparsity},
  author={Hurley, Niall and Rickard, Scott},
  journal={IEEE Transactions on Information Theory},
  volume={55},
  number={10},
  pages={4723--4741},
  year={2009},
  publisher={IEEE}
}


@article{chartrand2007exact,
  title={Exact reconstruction of sparse signals via nonconvex minimization},
  author={Chartrand, Rick},
  journal={IEEE Signal Processing Letters},
  volume={14},
  number={10},
  pages={707--710},
  year={2007},
  publisher={IEEE}
}

@article{lai2013improved,
  title={Improved iteratively reweighted least squares for unconstrained smoothed $\backslash$ell\_q minimization},
  author={Lai, Ming-Jun and Xu, Yangyang and Yin, Wotao},
  journal={SIAM Journal on Numerical Analysis},
  volume={51},
  number={2},
  pages={927--957},
  year={2013},
  publisher={SIAM}
}


@article{daubechies2010iteratively,
  title={Iteratively reweighted least squares minimization for sparse recovery},
  author={Daubechies, Ingrid and DeVore, Ronald and Fornasier, Massimo and G{\"u}nt{\"u}rk, C Sinan},
  journal={Communications on Pure and Applied Mathematics: A Journal Issued by the Courant Institute of Mathematical Sciences},
  volume={63},
  number={1},
  pages={1--38},
  year={2010},
  publisher={Wiley Online Library}
}


@article{candes2008enhancing,
  title={Enhancing sparsity by reweighted $\ell_1$ minimization},
  author={Candes, Emmanuel J and Wakin, Michael B and Boyd, Stephen P},
  journal={Journal of Fourier analysis and applications},
  volume={14},
  number={5-6},
  pages={877--905},
  year={2008},
  publisher={Springer}
}

@article{boyd2011distributed,
  title={Distributed optimization and statistical learning via the alternating direction method of multipliers},
  author={Boyd, Stephen and Parikh, Neal and Chu, Eric and Peleato, Borja and Eckstein, Jonathan and others},
  journal={Foundations and Trends{\textregistered} in Machine learning},
  volume={3},
  number={1},
  pages={1--122},
  year={2011},
  publisher={Now Publishers, Inc.}
}

@article{tao1998dc,
  title={A DC optimization algorithm for solving the trust-region subproblem},
  author={Tao, Pham Dinh and An, Le Thi Hoai},
  journal={SIAM Journal on Optimization},
  volume={8},
  number={2},
  pages={476--505},
  year={1998},
  publisher={SIAM}
}

@article{rani2018systematic,
  title={A systematic review of compressive sensing: Concepts, implementations and applications},
  author={Rani, Meenu and Dhok, SB and Deshmukh, RB},
  journal={IEEE Access},
  volume={6},
  pages={4875--4894},
  year={2018},
  publisher={IEEE}
}


@article{tropp2007signal,
  title={Signal recovery from random measurements via orthogonal matching pursuit: The Gaussian case},
  author={Tropp, Joel A and Gilbert, Anna C},
  year={2007},
  publisher={California Institute of Technology}
}

@article{tropp2004greed,
  title={Greed is good: Algorithmic results for sparse approximation},
  author={Tropp, Joel A},
  journal={IEEE Transactions on Information theory},
  volume={50},
  number={10},
  pages={2231--2242},
  year={2004}
}

@article{cai2011limiting,
  title={Limiting laws of coherence of random matrices with applications to testing covariance structure and construction of compressed sensing matrices},
  author={Cai, T Tony and Jiang, Tiefeng and others},
  journal={The Annals of Statistics},
  volume={39},
  number={3},
  pages={1496--1525},
  year={2011},
  publisher={Institute of Mathematical Statistics}
}



@book{elad2010sparse,
  title={Sparse and redundant representations: from theory to applications in signal and image processing},
  author={Elad, Michael},
  year={2010},
  publisher={Springer Science \& Business Media}
}


@article{needell2009uniform,
  title={Uniform uncertainty principle and signal recovery via regularized orthogonal matching pursuit},
  author={Needell, Deanna and Vershynin, Roman},
  journal={Foundations of computational mathematics},
  volume={9},
  number={3},
  pages={317--334},
  year={2009},
  publisher={Springer}
}



@article{rauhut2008impossibility,
  title={On the impossibility of uniform sparse reconstruction using greedy methods},
  author={Rauhut, Holger},
  journal={Sampling Theory in Signal and Image Processing},
  volume={7},
  number={2},
  pages={197},
  year={2008},
  publisher={Sampling Publishing}
}



@article{cahill2016gap,
  title={The gap between the null space property and the restricted isometry property},
  author={Cahill, Jameson and Chen, Xuemei and Wang, Rongrong},
  journal={Linear Algebra and its Applications},
  volume={501},
  pages={363--375},
  year={2016},
  publisher={Elsevier}
}


@article{rauhut2010compressive,
  title={Compressive sensing and structured random matrices},
  author={Rauhut, Holger},
  journal={Theoretical foundations and numerical methods for sparse recovery},
  volume={9},
  pages={1--92},
  year={2010}
}


@incollection{foucart2013invitation,
  title={An invitation to compressive sensing},
  author={Foucart, Simon and Rauhut, Holger},
  booktitle={A mathematical introduction to compressive sensing},
  pages={1--39},
  year={2013},
  publisher={Springer}
}

@article{baraniuk2008simple,
  title={A simple proof of the restricted isometry property for random matrices},
  author={Baraniuk, Richard and Davenport, Mark and DeVore, Ronald and Wakin, Michael},
  journal={Constructive Approximation},
  volume={28},
  number={3},
  pages={253--263},
  year={2008},
  publisher={Springer}
}


@article{donoho2005neighborliness,
  title={Neighborliness of randomly projected simplices in high dimensions},
  author={Donoho, David L and Tanner, Jared},
  journal={Proceedings of the National Academy of Sciences},
  volume={102},
  number={27},
  pages={9452--9457},
  year={2005},
  publisher={National Acad Sciences}
}


@article{donoho2006high,
  title={High-dimensional centrally symmetric polytopes with neighborliness proportional to dimension},
  author={Donoho, David L},
  journal={Discrete \& Computational Geometry},
  volume={35},
  number={4},
  pages={617--652},
  year={2006},
  publisher={Springer}
}


@article{donoho2009counting,
  title={Counting faces of randomly projected polytopes when the projection radically lowers dimension},
  author={Donoho, David and Tanner, Jared},
  journal={Journal of the American Mathematical Society},
  volume={22},
  number={1},
  pages={1--53},
  year={2009}
}


@article{davenport2010analysis,
  title={Analysis of orthogonal matching pursuit using the restricted isometry property},
  author={Davenport, Mark A and Wakin, Michael B},
  journal={IEEE Transactions on Information Theory},
  volume={56},
  number={9},
  pages={4395--4401},
  year={2010},
  publisher={IEEE}
}


@article{gribonval2007highly,
  title={Highly sparse representations from dictionaries are unique and independent of the sparseness measure},
  author={Gribonval, R{\'e}mi and Nielsen, Morten},
  journal={Applied and Computational Harmonic Analysis},
  volume={22},
  number={3},
  pages={335--355},
  year={2007},
  publisher={Elsevier}
}

@article{lawson1961contribution,
  title={Contribution to the theory of linear least maximum approximation},
  author={Lawson, Charles Lawrence},
  journal={Ph. D. dissertation, Univ. Calif.},
  year={1961}
}

@article{cline1972rate,
  title={Rate of convergence of Lawson's algorithm},
  author={Cline, AK},
  journal={Mathematics of Computation},
  volume={26},
  number={117},
  pages={167--176},
  year={1972}
}

@article{gorodnitsky1997sparse,
  title={Sparse signal reconstruction from limited data using FOCUSS: A re-weighted minimum norm algorithm},
  author={Gorodnitsky, Irina F and Rao, Bhaskar D},
  journal={IEEE Transactions on signal processing},
  volume={45},
  number={3},
  pages={600--616},
  year={1997},
  publisher={IEEE}
}

@inproceedings{chartrand2008iteratively,
  title={Iteratively reweighted algorithms for compressive sensing},
  author={Chartrand, Rick and Yin, Wotao},
  booktitle={2008 IEEE International Conference on Acoustics, Speech and Signal Processing},
  pages={3869--3872},
  year={2008},
  organization={IEEE}
}


@article{candes2006stable,
  title={Stable signal recovery from incomplete and inaccurate measurements},
  author={Candes, Emmanuel J and Romberg, Justin K and Tao, Terence},
  journal={Communications on Pure and Applied Mathematics: A Journal Issued by the Courant Institute of Mathematical Sciences},
  volume={59},
  number={8},
  pages={1207--1223},
  year={2006},
  publisher={Wiley Online Library}
}

@article{needell2009cosamp,
  title={CoSaMP: Iterative signal recovery from incomplete and inaccurate samples},
  author={Needell, Deanna and Tropp, Joel A},
  journal={Applied and computational harmonic analysis},
  volume={26},
  number={3},
  pages={301--321},
  year={2009},
  publisher={Elsevier}
}

@article{blumensath2009iterative,
  title={Iterative hard thresholding for compressed sensing},
  author={Blumensath, Thomas and Davies, Mike E},
  journal={Applied and computational harmonic analysis},
  volume={27},
  number={3},
  pages={265--274},
  year={2009},
  publisher={Elsevier}
}

@article{jain2017non,
  title={Non-convex optimization for machine learning},
  author={Jain, Prateek and Kar, Purushottam and others},
  journal={Foundations and Trends{\textregistered} in Machine Learning},
  volume={10},
  number={3-4},
  pages={142--336},
  year={2017},
  publisher={Now Publishers, Inc.}
}


@inproceedings{garg2009gradient,
  title={Gradient descent with sparsification: an iterative algorithm for sparse recovery with restricted isometry property.},
  author={Garg, Rahul and Khandekar, Rohit},
  booktitle={ICML},
  volume={9},
  pages={337--344},
  year={2009}
}

@article{esser2013method,
  title={A method for finding structured sparse solutions to nonnegative least squares problems with applications},
  author={Esser, Ernie and Lou, Yifei and Xin, Jack},
  journal={SIAM Journal on Imaging Sciences},
  volume={6},
  number={4},
  pages={2010--2046},
  year={2013},
  publisher={SIAM}
}

@article{fan2001variable,
  title={Variable selection via nonconcave penalized likelihood and its oracle properties},
  author={Fan, Jianqing and Li, Runze},
  journal={Journal of the American statistical Association},
  volume={96},
  number={456},
  pages={1348--1360},
  year={2001},
  publisher={Taylor \& Francis}
}

@inproceedings{zhang2009multi,
  title={Multi-stage convex relaxation for learning with sparse regularization},
  author={Zhang, Tong},
  booktitle={Advances in Neural Information Processing Systems},
  pages={1929--1936},
  year={2009}
}

@article{shen2012likelihood,
  title={Likelihood-based selection and sharp parameter estimation},
  author={Shen, Xiaotong and Pan, Wei and Zhu, Yunzhang},
  journal={Journal of the American Statistical Association},
  volume={107},
  number={497},
  pages={223--232},
  year={2012},
  publisher={Taylor \& Francis}
}

@article{lv2009unified,
  title={A unified approach to model selection and sparse recovery using regularized least squares},
  author={Lv, Jinchi and Fan, Yingying and others},
  journal={The Annals of Statistics},
  volume={37},
  number={6A},
  pages={3498--3528},
  year={2009},
  publisher={Institute of Mathematical Statistics}
}

@article{zhang2014minimization,
  title={Minimization of transformed $ l\_1 $ penalty: Closed form representation and iterative thresholding algorithms},
  author={Zhang, Shuai and Xin, Jack},
  journal={arXiv preprint arXiv:1412.5240},
  year={2014}
}



@article{huang2015nonconvex,
  title={Nonconvex Sorted $\ell_1$ Minimization for Sparse Approximation},
  author={Huang, Xiao-Lin and Shi, Lei and Yan, Ming},
  journal={Journal of the Operations Research Society of China},
  volume={3},
  number={2},
  pages={207--229},
  year={2015},
  publisher={Springer}
}

@article{huang2015two,
  title={Two-level ℓ1 minimization for compressed sensing},
  author={Huang, Xiaolin and Liu, Yipeng and Shi, Lei and Van Huffel, Sabine and Suykens, Johan AK},
  journal={Signal Processing},
  volume={108},
  pages={459--475},
  year={2015},
  publisher={Elsevier}
}


@article{kasiviswanathan2019restricted,
  title={Restricted Isometry Property under High Correlations},
  author={Kasiviswanathan, Shiva Prasad and Rudelson, Mark},
  journal={arXiv preprint arXiv:1904.05510},
  year={2019}
}

@article{natarajan1995sparse,
  title={Sparse approximate solutions to linear systems},
  author={Natarajan, Balas Kausik},
  journal={SIAM journal on computing},
  volume={24},
  number={2},
  pages={227--234},
  year={1995},
  publisher={SIAM}
}
